<collection xmlns="http://www.loc.gov/MARC21/slim">
<record>
  <leader>01584nam0a2200265 i 450 </leader>
  <controlfield tag="001">IT\ICCU\CNCE\028562</controlfield>
  <controlfield tag="005">20120507000000.0</controlfield>
  <datafield tag="012" ind1=" " ind2=" ">
    <subfield code="a">uola n-ne ro,e pasa (3) 1599 (Q)</subfield>
    <subfield code="2">fei</subfield>
  </datafield>
  <datafield tag="100" ind1=" " ind2=" ">
    <subfield code="a">19971108d1599        0itac0103    ba</subfield>
  </datafield>
  <datafield tag="101" ind1=" " ind2=" ">
    <subfield code="a">ITA</subfield>
  </datafield>
  <datafield tag="102" ind1=" " ind2=" ">
    <subfield code="a">IT</subfield>
  </datafield>
  <datafield tag="200" ind1="1" ind2=" ">
    <subfield code="a">Discorso di Gioseppe Rosaccio cosmografo all&apos;inuitiss. imperatore &amp; a&apos; potentati christiani. Nel quale si tratta breuemente l&apos;origine della setta Mahomettana con tutti gl&apos;acquisti fatti da prencipi ottomani fino all&apos;anno 1599. E si da pieno ragguaglio dell&apos;entrate, stati e forze del Turco &amp; anco de i maggiori principi christiani, &amp; si mostra con ragioni naturali, e con l&apos;autorit ̉della sacra scrittura in breue douer mancare la tirannica monarchia turchesca</subfield>
  </datafield>
  <datafield tag="210" ind1=" " ind2=" ">
    <subfield code="a">In Firenze</subfield>
    <subfield code="c">per Cosimo Giunti</subfield>
    <subfield code="d">1599</subfield>
  </datafield>
  <datafield tag="215" ind1=" " ind2=" ">
    <subfield code="a">56 p.</subfield>
    <subfield code="c">ill.</subfield>
    <subfield code="d">8ʻ</subfield>
  </datafield>
  <datafield tag="620" ind1=" " ind2=" ">
    <subfield code="a">IT</subfield>
    <subfield code="d">Firenze</subfield>
  </datafield>
  <datafield tag="700" ind1=" " ind2="1">
    <subfield code="a">Rosaccio,</subfield>
    <subfield code="b">Giuseppe</subfield>
    <subfield code="3">IT\ICCU\CNCA\007417</subfield>
  </datafield>
  <datafield tag="712" ind1="0" ind2="0">
    <subfield code="a">Giunta, Cosimo</subfield>
    <subfield code="3">IT\ICCU\CNCT\001970</subfield>
    <subfield code="4">650</subfield>
  </datafield>
  <datafield tag="791" ind1="0" ind2="0">
    <subfield code="a">Iuncta, Cosmus</subfield>
    <subfield code="3">IT\ICCU\CNCT\003887</subfield>
    <subfield code="z">Giunta, Cosimo</subfield>
  </datafield>
  <datafield tag="791" ind1="0" ind2="0">
    <subfield code="a">Giunti, Cosimo</subfield>
    <subfield code="3">IT\ICCU\CNCT\004914</subfield>
    <subfield code="z">Giunta, Cosimo</subfield>
  </datafield>
  <datafield tag="801" ind1=" " ind2="3">
    <subfield code="a">IT</subfield>
    <subfield code="b">ICCU</subfield>
    <subfield code="c">20201114</subfield>
  </datafield>
  <datafield tag="899" ind1=" " ind2=" ">
    <subfield code="a">Biblioteca del comune e dell&apos;Accademia etrusca. Cortona</subfield>
    <subfield code="1">AR0034</subfield>
    <subfield code="2">RT1 QE</subfield>
  </datafield>
  <datafield tag="899" ind1=" " ind2=" ">
    <subfield code="a">Biblioteca nazionale centrale. Firenze</subfield>
    <subfield code="1">FI0098</subfield>
    <subfield code="2">CFI CF</subfield>
  </datafield>
  <datafield tag="899" ind1=" " ind2=" ">
    <subfield code="a">Biblioteca Porziuncola. Assisi</subfield>
    <subfield code="1">PG0179</subfield>
    <subfield code="2">UM1 36</subfield>
  </datafield>
  <datafield tag="911" ind1=" " ind2=" ">
    <subfield code="a">Sul front.</subfield>
    <subfield code="9">IT\ICCU\CNCM\002550</subfield>
  </datafield>
  <datafield tag="921" ind1=" " ind2=" ">
    <subfield code="a">IT\ICCU\CNCM\002550</subfield>
    <subfield code="b">Stemma dei Medici su mappamondo sormontato da corona con iniziali F. M. G. D. D. T.(Ferdinando Medici Gran Duca Di Toscana)</subfield>
    <subfield code="c">U1066</subfield>
    <subfield code="f">MAPPAMONDO</subfield>
    <subfield code="f">CORONA</subfield>
    <subfield code="f">FMGDDT</subfield>
    <subfield code="g">1599-1600</subfield>
  </datafield>
</record>
</collection>
